% !TeX encoding = windows-1251

@inproceedings{Tomksk_researh,
    title = {Анализ характеристик социальных графов, построенных по данным социальной сети Twitter},
    author = {https://earchive.tpu.ru/handle/11683/52628?mode=full},
    booktitle = {Молодежь и современные информационные технологии : сборник трудов XVI Международной научно-практической конференции студентов, аспирантов и молодых учёных, 3-7 декабря 2018 г., г. Томск.},
    language = {Russian},
    publisher = { Томск : Изд-во ТПУ},
    address = {Россия},
    year = { 2019.},
    pages={60--61}
}
@inproceedings{Sazanov,
  author          = {СоциальныйГрафВикипедия},
  title       = {Социальные сети как новая общественная сфера. Системный анализ и прогноз},
  language        = {Russian},
  address         = {Россия},
  year            = {2010},
  publisher       = {Лаборатория СВМ},
  pages = {9}
}